@ARTICLE{7524790, 
author={S. {Li} and J. {Xu} and M. {van der Schaar} and W. {Li}}, 
journal={IEEE Transactions on Multimedia}, 
title={Trend-Aware Video Caching Through Online Learning},
year={2016}, 
volume={18}, 
number={12}, 
pages={2503-2516}, 
keywords={cache storage;learning (artificial intelligence);video retrieval;trend-aware video caching;online learning;cache replacement method;cache performance;video content;video requests;optimal cache hit rate;movie.douban.com dataset;Market research;Forecasting;Streaming media;Training;Complexity theory;Multimedia communication;Algorithm design and analysis;Cache replacement;content caching;online learning}, 
doi={10.1109/TMM.2016.2596042}, 
ISSN={1520-9210}, 
month={Dec},}
@INPROCEEDINGS{7524380, 
author={M. {Leconte} and G. {Paschos} and L. {Gkatzikis} and M. {Draief} and S. {Vassilaras} and S. {Chouvardas}}, 
booktitle={IEEE INFOCOM 2016 - The 35th Annual IEEE International Conference on Computer Communications}, 
title={Placing dynamic content in caches with small population}, 
year={2016}, 
volume={}, 
number={}, 
pages={1-9}, 
keywords={cache storage;radio access networks;wireless access networks;varying content popularity estimation;age-based threshold policy;ABT policy;ABT;optimal performance;caching system;local caches;global caches;correlated traffic characteristics;hit rate;coordination mechanisms;global learning;popularity scores;least-recently-used policy;LRU policy;prefetching;Sociology;Statistics;Prefetching;Base stations;Context;Wireless networks}, 
doi={10.1109/INFOCOM.2016.7524380}, 
ISSN={}, 
month={April},}
@ARTICLE{MEC, 
author={H. {Zhu} and Y. {Cao} and W. {Wang} and T. {Jiang} and S. {Jin}}, 
journal={IEEE Network}, 
title={Deep Reinforcement Learning for Mobile Edge Caching: Review, New Features, and Open Issues}, 
year={2018}, 
volume={32}, 
number={6}, 
pages={50-57}, 
keywords={cache storage;decision making;learning (artificial intelligence);mobile computing;telecommunication traffic;DRL-based mobile edge caching;deep reinforcement learning;quality of experience;Quality of experience;Context-aware services;Network topology;Telecommunication traffic;Device-to-device communication;Edge computing;Networked control systems;Traffic control;Mobile communication;Data models}, 
doi={10.1109/MNET.2018.1800109}, 
ISSN={0890-8044}, 
month={November},}
@ARTICLE{rw8,
   author = {{Gruslys}, A. and {Dabney}, W. and {Gheshlaghi Azar}, M. and 
	{Piot}, B. and {Bellemare}, M. and {Munos}, R.},
    title = "{The Reactor: A fast and sample-efficient Actor-Critic agent for Reinforcement Learning}",
  journal = {arXiv e-prints},
archivePrefix = "arXiv",
   eprint = {1704.04651},
 primaryClass = "cs.AI",
 keywords = {Computer Science - Artificial Intelligence},
     year = 2017,
    month = apr,
   adsurl = {http://adsabs.harvard.edu/abs/2017arXiv170404651G},
  adsnote = {Provided by the SAO/NASA Astrophysics Data System}
}

@ARTICLE{rw7, 
author={S. M. S. {Tanzil} and W. {Hoiles} and V. {Krishnamurthy}}, 
journal={IEEE Access}, 
title={Adaptive Scheme for Caching YouTube Content in a Cellular Network: Machine Learning Approach}, 
year={2017}, 
volume={5}, 
number={}, 
pages={5870-5881}, 
keywords={approximation theory;cellular radio;integer programming;learning (artificial intelligence);linear programming;social networking (online);adaptive scheme;YouTube content caching;cellular network;mobile data services;network traffic;extreme-learning machine neural network;mixed-integer linear programming;simultaneous perturbation stochastic approximation method;NS-3 simulator;Cellular networks;Adaptive systems;Base stations;YouTube;Delays;Content caching;cellular network;extreme learning machines;mixed-integer linear programming;popularity prediction;feature selection;YouTube}, 
doi={10.1109/ACCESS.2017.2678990}, 
ISSN={2169-3536}, 
month={},}
@ARTICLE{rw6, 
author={J. {Song} and M. {Sheng} and T. Q. S. {Quek} and C. {Xu} and X. {Wang}}, 
journal={IEEE Transactions on Communications}, 
title={Learning-Based Content Caching and Sharing for Wireless Networks}, 
year={2017}, 
volume={65}, 
number={10}, 
pages={4309-4324}, 
keywords={cache storage;cooperative communication;distributed algorithms;learning (artificial intelligence);optimisation;radio networks;telecommunication traffic;content popularity distribution;efficient caching strategy design;content server;wireless networks;network traffic reduction;base stations;spatio-temporal variation;cooperative BSs;multiarmed bandit learning perspective;content sharing process;learning-based content caching process;centralized algorithm;sub-linear learning regret bound;alternating direction method of multipliers;cost reduction;semidefinite relaxation approach;Servers;Base stations;Wireless networks;Radio access networks;Delays;Distributed algorithms;Explosives;Content caching;content sharing;unknown content popularity distribution;learning;multi-armed bandit;cost}, 
doi={10.1109/TCOMM.2017.2713384}, 
ISSN={0090-6778}, 
month={Oct},}
@INPROCEEDINGS{rw5, 
author={S. {Li} and J. {Xu} and M. {van der Schaar} and W. {Li}}, 
booktitle={IEEE INFOCOM 2016 - The 35th Annual IEEE International Conference on Computer Communications}, 
title={Popularity-driven content caching}, 
year={2016}, 
volume={}, 
number={}, 
pages={1-9}, 
keywords={learning (artificial intelligence);social networking (online);popularity driven content caching;PopCaching;cache replacement method;online fashion;content popularity;cache hit rate;movie.douban.com;Databases;Context;Forecasting;Training;Streaming media;Servers;Algorithm design and analysis}, 
doi={10.1109/INFOCOM.2016.7524381}, 
ISSN={}, 
month={April},}
@INPROCEEDINGS{rw4, 
author={W. {Li} and S. M. A. {Oteafy} and H. S. {Hassanein}}, 
booktitle={2016 IEEE International Conference on Communications (ICC)}, 
title={StreamCache: Popularity-based caching for adaptive streaming over information-centric networks}, 
year={2016}, 
volume={}, 
number={}, 
pages={1-6}, 
keywords={cache storage;Internet;quality of experience;telecommunication traffic;video streaming;StreamCache;popularity-based caching;adaptive streaming;information centric network;video streaming;Internet;ICN;data traffic;exponential growth;video delivery;in-network video caching policy;quality of experience;QoE;online processing;offline theoretical optimal solution;caching decision making;video request statistics;minimal cache coordination;offline benchmark scheme;DASCache;ndnSIM;NS-3;Streaming media;Internet;Throughput;Bit rate;Routing protocols;Benchmark testing;Dynamic adaptive streaming;Content-centric network;In-network caching;Heuristic design;Popularity index}, 
doi={10.1109/ICC.2016.7511583}, 
ISSN={1938-1883}, 
month={May},}
@INPROCEEDINGS{rw3, 
author={M. {Leconte} and G. {Paschos} and L. {Gkatzikis} and M. {Draief} and S. {Vassilaras} and S. {Chouvardas}}, 
booktitle={IEEE INFOCOM 2016 - The 35th Annual IEEE International Conference on Computer Communications}, 
title={Placing dynamic content in caches with small population}, 
year={2016}, 
volume={}, 
number={}, 
pages={1-9}, 
keywords={cache storage;radio access networks;wireless access networks;varying content popularity estimation;age-based threshold policy;ABT policy;ABT;optimal performance;caching system;local caches;global caches;correlated traffic characteristics;hit rate;coordination mechanisms;global learning;popularity scores;least-recently-used policy;LRU policy;prefetching;Sociology;Statistics;Prefetching;Base stations;Context;Wireless networks}, 
doi={10.1109/INFOCOM.2016.7524380}, 
ISSN={}, 
month={April},}
@INPROCEEDINGS{rw2, 
author={P. {Blasco} and D. {Gündüz}}, 
booktitle={2014 IEEE International Conference on Communications (ICC)}, 
title={Learning-based optimization of cache content in a small cell base station}, 
year={2014}, 
volume={}, 
number={}, 
pages={1897-1903}, 
keywords={cache storage;cellular radio;knapsack problems;learning (artificial intelligence);optimisation;telecommunication traffic;learning-based optimization;cache content placement;wireless small cell base station;backhaul capacity;content-level selective offloading;delivering high data rate contents;coverage area;sBS content controller;CC;sBS cache memory;data maximum amount;peak traffic periods;popularity profile;knapsack problem reduction;demand history;regular time intervals;exploitation-exploration trade-offs;system parameters;cache size;Approximation algorithms;Approximation methods;Cache memory;Upper bound;Optimization;Bandwidth;Wireless communication}, 
doi={10.1109/ICC.2014.6883600}, 
ISSN={1550-3607}, 
month={June},}
@INPROCEEDINGS{rw1, 
author={M. A. {Kader} and E. {Bastug} and M. {Bennis} and E. {Zeydan} and A. {Karatepe} and A. S. {Er} and M. {Debbah}}, 
booktitle={2015 IEEE Globecom Workshops (GC Wkshps)}, 
title={Leveraging Big Data Analytics for Cache-Enabled Wireless Networks}, 
year={2015}, 
volume={}, 
number={}, 
pages={1-6}, 
keywords={5G mobile communication;Big Data;cache storage;learning (artificial intelligence);ubiquitous computing;user request satisfaction;machine learning tools;mobile traffic data;request satisfactions;content popularity estimation;telecom operator;cache-enabled base stations;proactive caching perspective;big data analytics;edge-cloud computing;context-aware approaches;hyper-dense deployment;data avalanche;5G wireless networks;Big data;Base stations;Wireless networks;5G mobile communication;Estimation}, 
doi={10.1109/GLOCOMW.2015.7414014}, 
ISSN={}, 
month={Dec},}
@book{rl-intro,
  title={Introduction to reinforcement learning},
  author={Sutton, Richard S and Barto, Andrew G},
  volume={135},
  year={1998},
  publisher={MIT press Cambridge}
}
@inproceedings{Pensieve,
 author = {Mao, Hongzi and Netravali, Ravi and Alizadeh, Mohammad},
 title = {Neural Adaptive Video Streaming with Pensieve},
 booktitle = {Proceedings of the Conference of the ACM Special Interest Group on Data Communication},
 series = {SIGCOMM '17},
 year = {2017},
 isbn = {978-1-4503-4653-5},
 location = {Los Angeles, CA, USA},
 pages = {197--210},
 numpages = {14},
 url = {http://doi.acm.org/10.1145/3098822.3098843},
 doi = {10.1145/3098822.3098843},
 acmid = {3098843},
 publisher = {ACM},
 address = {New York, NY, USA},
 keywords = {bitrate adaptation, reinforcement learning, video streaming},
}
@TechReport{clusterdata:Reiss2011,
  author = {Charles Reiss and John Wilkes and Joseph L. Hellerstein},
  title = {{Google} cluster-usage traces: format + schema},
  institution = {Google Inc.},
  year = 2011,
  month = Nov,
  type = {Technical Report},
  address = {Mountain View, CA, USA},
  note = {Revised 2014-11-17 for version 2.1.  Posted at
	\url{https://github.com/google/cluster-data}},
}
@INPROCEEDINGS{expert-cdn, 
author={N. {Ben Hassine} and D. {Marinca} and P. {Minet} and D. {Barth}}, 
booktitle={2016 International Wireless Communications and Mobile Computing Conference (IWCMC)}, 
title={Expert-based on-line learning and prediction in Content Delivery Networks}, 
year={2016}, 
volume={}, 
number={}, 
pages={182-187}, 
doi={10.1109/IWCMC.2016.7577054}, 
ISSN={2376-6506}, 
month={Sep.},}
@misc{cloudflare,
title={What is a CDN?},
url={https://www.cloudflare.com/learning/cdn/what-is-a-cdn/},
urldate={2019-02-27}
}
@INPROCEEDINGS{general-cache, 
author={E. J. {Rosensweig} and J. {Kurose} and D. {Towsley}}, 
booktitle={2010 Proceedings IEEE INFOCOM}, 
title={Approximate Models for General Cache Networks}, 
year={2010}, 
volume={}, 
number={}, 
pages={1-9},
doi={10.1109/INFCOM.2010.5461936}, 
ISSN={0743-166X}, 
month={March},}
@INPROCEEDINGS{ref1, 
author={S. {Hasan} and S. {Gorinsky} and C. {Dovrolis} and R. K. {Sitaraman}}, 
booktitle={IEEE INFOCOM 2014 - IEEE Conference on Computer Communications}, 
title={Trade-offs in optimizing the cache deployments of CDNs}, 
year={2014}, 
volume={}, 
number={}, 
pages={460-468}, 
doi={10.1109/INFOCOM.2014.6847969}, 
ISSN={0743-166X}, 
month={April},}
@INPROCEEDINGS{ref2, 
author={K. {Mokhtarian} and H. {Jacobsen}}, 
booktitle={IEEE INFOCOM 2016 - The 35th Annual IEEE International Conference on Computer Communications}, 
title={Coordinated caching in planet-scale CDNs: Analysis of feasibility and benefits}, 
year={2016}, 
volume={}, 
number={}, 
pages={1-9}, 
doi={10.1109/INFOCOM.2016.7524378}, 
ISSN={}, 
month={April},}
@INPROCEEDINGS{ref3, 
author={E. J. {Rosensweig} and D. S. {Menasche} and J. {Kurose}}, 
booktitle={2013 Proceedings IEEE INFOCOM}, 
title={On the steady-state of cache networks}, 
year={2013}, 
volume={}, 
number={}, 
pages={863-871}, 
doi={10.1109/INFCOM.2013.6566874}, 
ISSN={0743-166X}, 
month={April},}
@ARTICLE{ref4, 
author={J. {Tadrous} and A. {Eryilmaz}}, 
journal={IEEE/ACM Transactions on Networking}, 
title={On Optimal Proactive Caching for Mobile Networks With Demand Uncertainties}, 
year={2016}, 
volume={24}, 
number={5}, 
pages={2715-2727}, 
doi={10.1109/TNET.2015.2478476}, 
ISSN={1063-6692}, 
month={October},}
@ARTICLE{dl-icn, 
author={W. {Liu} and J. {Zhang} and Z. {Liang} and L. {Peng} and J. {Cai}}, 
journal={IEEE Access}, 
title={Content Popularity Prediction and Caching for ICN: A Deep Learning Approach With SDN}, 
year={2018}, 
volume={6}, 
number={}, 
pages={5075-5089}, 
keywords={cache storage;Internet;learning (artificial intelligence);neural nets;DLCPP;SDN;cache placement;cache replacement-caching;prediction accuracy;content popularity prediction;information-centric networking;software defined network;distributed learning network;reconfigurable deep learning network;stacked auto-encoders;SAE;Softmax classifier;popularity prediction;cache capacity;cache management frameworks;Machine learning;Correlation;Switches;Feature extraction;Predictive models;Artificial neural networks;Data mining;Information-centric networking;SDN;deep learning;content popularity prediction;caching scheme}, 
doi={10.1109/ACCESS.2017.2781716}, 
ISSN={2169-3536}, 
month={},}
@INPROCEEDINGS{dl-mec, 
author={T. {Hou} and G. {Feng} and S. {Qin} and W. {Jiang}}, 
booktitle={GLOBECOM 2017 - 2017 IEEE Global Communications Conference}, 
title={Proactive Content Caching by Exploiting Transfer Learning for Mobile Edge Computing},
year={2017}, 
volume={}, 
number={}, 
pages={1-6}, 
keywords={cache storage;cloud computing;distributed processing;greedy algorithms;learning (artificial intelligence);mobile computing;next generation networks;optimisation;quality of experience;telecommunication traffic;5G;mobile network edges;mobile edge computing;edge network;proactive caching mechanism;Learning based Cooperative Caching strategy;LECC;user QoE;Transfer Learning;proactive caching optimization model;cache content placement problem;content cache hit rate;next generation mobile communication system;machine learning;Quality of Experience;multimedia traffic volume;edge/cloud computing;caching strategies;proactive content caching;NP- hard problem;greedy algorithm;Mobile communication;Servers;Cooperative caching;Mobile computing;Computer architecture;Optimization}, 
doi={10.1109/GLOCOM.2017.8254636}, 
ISSN={}, 
month={Dec},}
@article{DBLP:journals/corr/abs-1811-12560,
  author    = {Vincent Fran{\c{c}}ois{-}Lavet and
               Peter Henderson and
               Riashat Islam and
               Marc G. Bellemare and
               Joelle Pineau},
  title     = {An Introduction to Deep Reinforcement Learning},
  journal   = {CoRR},
  volume    = {abs/1811.12560},
  year      = {2018},
  url       = {http://arxiv.org/abs/1811.12560},
  archivePrefix = {arXiv},
  eprint    = {1811.12560},
  timestamp = {Mon, 03 Dec 2018 07:50:28 +0100},
  biburl    = {https://dblp.org/rec/bib/journals/corr/abs-1811-12560},
  bibsource = {dblp computer science bibliography, https://dblp.org}
}
@article{DBLP:journals/corr/MnihBMGLHSK16,
  author    = {Volodymyr Mnih and
               Adri{\`{a}} Puigdom{\`{e}}nech Badia and
               Mehdi Mirza and
               Alex Graves and
               Timothy P. Lillicrap and
               Tim Harley and
               David Silver and
               Koray Kavukcuoglu},
  title     = {Asynchronous Methods for Deep Reinforcement Learning},
  journal   = {CoRR},
  volume    = {abs/1602.01783},
  year      = {2016},
  url       = {http://arxiv.org/abs/1602.01783},
  archivePrefix = {arXiv},
  eprint    = {1602.01783},
  timestamp = {Mon, 13 Aug 2018 16:47:40 +0200},
  biburl    = {https://dblp.org/rec/bib/journals/corr/MnihBMGLHSK16},
  bibsource = {dblp computer science bibliography, https://dblp.org}
}
@article{DBLP:journals/corr/abs-1712-08132,
  author    = {Chen Zhong and
               Mustafa Cenk Gursoy and
               Senem Velipasalar},
  title     = {A Deep Reinforcement Learning-Based Framework for Content Caching},
  journal   = {CoRR},
  volume    = {abs/1712.08132},
  year      = {2017},
  url       = {http://arxiv.org/abs/1712.08132},
  archivePrefix = {arXiv},
  eprint    = {1712.08132},
  timestamp = {Mon, 13 Aug 2018 16:49:10 +0200},
  biburl    = {https://dblp.org/rec/bib/journals/corr/abs-1712-08132},
  bibsource = {dblp computer science bibliography, https://dblp.org}
}
@inproceedings{a3c,
 author = {Mnih, Volodymyr and Badia, Adri\`{a} Puigdom\`{e}nech and Mirza, Mehdi and Graves, Alex and Harley, Tim and Lillicrap, Timothy P. and Silver, David and Kavukcuoglu, Koray},
 title = {Asynchronous Methods for Deep Reinforcement Learning},
 booktitle = {Proceedings of the 33rd International Conference on International Conference on Machine Learning - Volume 48},
 series = {ICML'16},
 year = {2016},
 location = {New York, NY, USA},
 pages = {1928--1937},
 numpages = {10},
 url = {http://dl.acm.org/citation.cfm?id=3045390.3045594},
 acmid = {3045594},
 publisher = {JMLR.org},
} 